<record><leader>00000cas a22000007a 4500</leader><controlfield tag="001">13919175</controlfield><controlfield tag="008">860723d18531869pauwr ne      0    0eng d</controlfield><datafield ind1=" " ind2=" " tag="010"><subfield code="a">sn 86077130 </subfield></datafield><datafield ind1=" " ind2=" " tag="040"><subfield code="a">NPA</subfield><subfield code="b">eng</subfield><subfield code="c">NPA</subfield><subfield code="d">NPX</subfield><subfield code="d">NPH</subfield><subfield code="d">OCLCQ</subfield></datafield><datafield ind1=" " ind2=" " tag="042"><subfield code="a">msc</subfield></datafield><datafield ind1="0" ind2="0" tag="245"><subfield code="a">Mauch Chunk gazette.</subfield></datafield><datafield ind1="3" ind2="0" tag="246"><subfield code="a">Gazette</subfield></datafield><datafield ind1=" " ind2=" " tag="260"><subfield code="a">Mauch Chunk [i.e, Jim Thorpe, Pa.] :</subfield><subfield code="b">Taylor &amp; Meacham,</subfield><subfield code="c">1853-1869.</subfield></datafield><datafield ind1=" " ind2=" " tag="300"><subfield code="a">v. ;</subfield><subfield code="c">61 cm.</subfield></datafield><datafield ind1=" " ind2=" " tag="310"><subfield code="a">Weekly</subfield></datafield><datafield ind1="0" ind2=" " tag="362"><subfield code="a">Vol. 9, no. 1 (Jan. 6, 1853)- ; -v. 5, no. 40 (Dec. 3, 1869).</subfield></datafield><datafield ind1=" " ind2=" " tag="500"><subfield code="a">Publishers: Taylor &amp; Meacham, &lt;1856&gt;; Rauch &amp; Higgins, &lt;1860&gt;.</subfield></datafield><datafield ind1=" " ind2=" " tag="500"><subfield code="a">Editor: S.H. Taylor, &lt;1856&gt;.</subfield></datafield><datafield ind1=" " ind2=" " tag="525"><subfield code="a">Supplements accompany some issues.</subfield></datafield><datafield ind1=" " ind2=" " tag="580"><subfield code="a">Continues: Carbon County gazette (Jim Thorpe, Pa.). Cf. Salisbury, R. Pa. newspapers.</subfield></datafield><datafield ind1=" " ind2=" " tag="580"><subfield code="a">Continued by: Mauch Chunk coal gazette. Cf. Salisbury, R. Pa. newspapers.</subfield></datafield><datafield ind1=" " ind2=" " tag="752"><subfield code="a">United States</subfield><subfield code="b">Pennsylvania</subfield><subfield code="c">Carbon</subfield><subfield code="d">Jim Thorpe.</subfield></datafield><datafield ind1=" " ind2=" " tag="752"><subfield code="a">United States</subfield><subfield code="b">Pennsylvania</subfield><subfield code="c">Carbon</subfield><subfield code="d">Mauch Chunk.</subfield></datafield><datafield ind1="0" ind2="0" tag="780"><subfield code="t">Carbon County gazette (Jim Thorpe, Pa. : 1851)</subfield><subfield code="w">(DLC)sn 86053623</subfield></datafield><datafield ind1="0" ind2="0" tag="785"><subfield code="t">Mauch Chunk coal gazette</subfield><subfield code="w">(DLC)sn 84026024</subfield></datafield><datafield ind1="1" ind2=" " tag="029"><subfield code="a">AU@</subfield><subfield code="b">000025807330</subfield></datafield></record>